@article{孙超2008城市单点交叉口的信号配时优化研究,
    title = {城市单点交叉口的信号配时优化研究},
    author = {孙超 and 徐建闽},
    journal = {交通信息与安全},
    volume = {26},
    number = {006},
    pages = {6-10},
    year = {2008},
}

@article{颜艳霞2006单点交叉口信号实时配时模型及蚂蚁算法,
    title = {单点交叉口信号实时配时模型及蚂蚁算法},
    author = {颜艳霞 and 李文权},
    journal = {公路交通科技},
    volume = {23},
    number = {11},
    pages = {116-119},
    year = {2006},
}

@article{慕飞飞2015基于遗传算法的单点交叉口信号配时优化,
    title = {基于遗传算法的单点交叉口信号配时优化},
    author = {慕飞飞 and 张惠珍},
    journal = {上海理工大学学报},
    volume = {37},
    number = {06},
    pages = {600-604},
    year = {2015},
}

@article{张力2014结合遗传算法的混合式蚁群单点交叉口信号配时算法,
    title = {结合遗传算法的混合式蚁群单点交叉口信号配时算法},
    author = {张力 and 何军 and 李奇},
    journal = {计算机光盘软件与应用},
    number = {21},
    pages = {91-94},
    year = {2014},
}


@article{2016You,
    title = {You Only Look Once: Unified, Real-Time Object Detection},
    author = { Redmon, J. and Divvala, S. and Girshick, R. and Farhadi, A. },
    journal = {IEEE},
    year = {2016},
}


@article{2000Single,
    title = {Single View Metrology},
    journal = {International Journal of Computer Vision},
    year = {2000},
}

@article{顾怀中1998交叉口交通信号配时模拟退火全局优化算法,
    title = {交叉口交通信号配时模拟退火全局优化算法},
    author = {顾怀中},
    journal = {东南大学学报},
    number = {3期},
    pages = {68-72},
    year = {1998},
}

@inproceedings{szegedy2017inception,
    title = {Inception-v4, inception-resnet and the impact of residual connections on learning},
    author = {Szegedy, Christian and Ioffe, Sergey and Vanhoucke, Vincent and Alemi, Alexander A},
    booktitle = {Thirty-first AAAI conference on artificial intelligence},
    year = {2017}
}